%% Определите в этом файле английскую версию библиографии
%% Для этого расположите библиографию из основного файла в порядке цитирования
%% основной библиографии
%%%%%%%%%%% НЕ ЗАБУДЬТЕ МОДИФИЦИРОВАТЬ НАЗВАНИЕ ЭЛЕМЕНТА (например, добавив суффикс "_en") %%%%%%%%%%%%%%

@book{goethe_en, %%% Добавил суффикс "_en", чтобы не было проблем с цитированием
    author    = {Johann Wolfgang Goethe},
    title     = {The Sorrows of Young Werther},
    year      = {1774},
}
