@book{goethe,
	author    = "Иоганн Вольфганг Гёте",
	title     = "Страдания юного Вертера",
	year      = "1774"
}
