%% Основной файл с библиографией
%% Для цитирования в тексте используйте команду \mycite

@book{goethe,
    author    = {Иоганн Вольфганг Гёте},
    title     = {Страдания юного Вертера},
    year      = {1774}
}
