%% Определите в этом файле английскую версию библиографии
%% Для этого копируйте все источники из основного файла библиографии refs.bib
%% Для русских библиографических элементов выполните транслитерацию, например, 
%% с помощью сайта http://www.translit.net/ru/bgn/
%% Преобразованию подвергаются ВСЕ поля элемента (например, название журнала, место печати и т.п.),
%% а не только название статьи 


@book{goethe,
    author    = {Johann Wolfgang Goethe},
    title     = {Stradaniya yunogo Vertera},
    year      = {1774},
}
